{
  "leader": "02798cam a2200481 a 4500",
  "fields": [
    {
      "001": "ocm08670251\\"
    },
    {
      "003": "OCoLC"
    },
    {
      "005": "20220104134941.0"
    },
    {
      "008": "820713s1983\\\\\\\\cou\\\\\\\\\\\\b\\\\\\\\001\\0\\eng\\\\"
    },
    {
      "010": {
        "ind1": "\\",
        "ind2": "\\",
        "subfields": [
          {
            "a": "   82013439 "
          }
        ]
      }
    },
    {
      "040": {
        "ind1": "\\",
        "ind2": "\\",
        "subfields": [
          {
            "a": "DLC"
          },
          {
            "b": "eng"
          },
          {
            "c": "DLC"
          },
          {
            "d": "LAS"
          },
          {
            "d": "BTCTA"
          },
          {
            "d": "YDXCP"
          },
          {
            "d": "OCLCG"
          },
          {
            "d": "ZWZ"
          },
          {
            "d": "OCLCQ"
          },
          {
            "d": "TULIB"
          },
          {
            "d": "BDX"
          },
          {
            "d": "UKMGB"
          },
          {
            "d": "GBVCP"
          },
          {
            "d": "OCLCO"
          },
          {
            "d": "OCLCF"
          },
          {
            "d": "OCLCQ"
          },
          {
            "d": "NLC"
          },
          {
            "d": "OCLCQ"
          },
          {
            "d": "OCLCA"
          },
          {
            "d": "BDP"
          },
          {
            "d": "NZWGA"
          }
        ]
      }
    },
    {
      "016": {
        "ind1": "7",
        "ind2": "\\",
        "subfields": [
          {
            "a": "007764021"
          },
          {
            "2": "Uk"
          }
        ]
      }
    },
    {
      "016": {
        "ind1": "\\",
        "ind2": "\\",
        "subfields": [
          {
            "a": "(AMICUS)000003388997"
          }
        ]
      }
    },
    {
      "019": {
        "ind1": "\\",
        "ind2": "\\",
        "subfields": [
          {
            "a": "491916247"
          }
        ]
      }
    },
    {
      "020": {
        "ind1": "\\",
        "ind2": "\\",
        "subfields": [
          {
            "a": "0865314691"
          }
        ]
      }
    },
    {
      "020": {
        "ind1": "\\",
        "ind2": "\\",
        "subfields": [
          {
            "a": "9780865314696"
          }
        ]
      }
    },
    {
      "035": {
        "ind1": "\\",
        "ind2": "\\",
        "subfields": [
          {
            "a": "(OCoLC)8670251"
          },
          {
            "z": "(OCoLC)491916247"
          }
        ]
      }
    },
    {
      "043": {
        "ind1": "\\",
        "ind2": "\\",
        "subfields": [
          {
            "a": "a-ja---"
          },
          {
            "a": "n-us---"
          }
        ]
      }
    },
    {
      "050": {
        "ind1": "0",
        "ind2": "0",
        "subfields": [
          {
            "a": "JQ1656"
          },
          {
            "b": ".J36 1983"
          }
        ]
      }
    },
    {
      "055": {
        "ind1": "\\",
        "ind2": "4",
        "subfields": [
          {
            "a": "JQ1656 J36"
          }
        ]
      }
    },
    {
      "082": {
        "ind1": "0",
        "ind2": "4",
        "subfields": [
          {
            "a": "328.52"
          },
          {
            "b": "JAP"
          }
        ]
      }
    },
    {
      "245": {
        "ind1": "0",
        "ind2": "4",
        "subfields": [
          {
            "a": "The Japanese Diet and the U.S. Congress /"
          },
          {
            "c": "edited by Francis R. Valeo and Charles E. Morrison."
          }
        ]
      }
    },
    {
      "260": {
        "ind1": "\\",
        "ind2": "\\",
        "subfields": [
          {
            "a": "Boulder, Colo. :"
          },
          {
            "b": "Westview Press,"
          },
          {
            "c": "1983."
          }
        ]
      }
    },
    {
      "300": {
        "ind1": "\\",
        "ind2": "\\",
        "subfields": [
          {
            "a": "xii, 212 pages ;"
          },
          {
            "c": "24 cm."
          }
        ]
      }
    },
    {
      "336": {
        "ind1": "\\",
        "ind2": "\\",
        "subfields": [
          {
            "a": "text"
          },
          {
            "b": "txt"
          },
          {
            "2": "rdacontent"
          }
        ]
      }
    },
    {
      "337": {
        "ind1": "\\",
        "ind2": "\\",
        "subfields": [
          {
            "a": "unmediated"
          },
          {
            "b": "n"
          },
          {
            "2": "rdamedia"
          }
        ]
      }
    },
    {
      "338": {
        "ind1": "\\",
        "ind2": "\\",
        "subfields": [
          {
            "a": "volume"
          },
          {
            "b": "nc"
          },
          {
            "2": "rdacarrier"
          }
        ]
      }
    },
    {
      "490": {
        "ind1": "1",
        "ind2": "\\",
        "subfields": [
          {
            "a": "A Westview special study"
          }
        ]
      }
    },
    {
      "500": {
        "ind1": "\\",
        "ind2": "\\",
        "subfields": [
          {
            "a": "\"Published in cooperation with the United States Association of former members of Congress pursuant to a grant from the Japan-United States Friendship Commission.\""
          }
        ]
      }
    },
    {
      "504": {
        "ind1": "\\",
        "ind2": "\\",
        "subfields": [
          {
            "a": "Includes bibliographical references and index."
          }
        ]
      }
    },
    {
      "505": {
        "ind1": "0",
        "ind2": "0",
        "subfields": [
          {
            "g": "Introduction /"
          },
          {
            "r": "Francis R. Valeo and Tadashi Yamamoto --"
          },
          {
            "g": "[1. The Japanese Diet] --"
          },
          {
            "t": "The Diet in the Japanese political system /"
          },
          {
            "r": "Kan Ori --"
          },
          {
            "t": "Political parties and the Diet /"
          },
          {
            "r": "Hiroshi Yamato --"
          },
          {
            "t": "Diet structure, organization, and procedures /"
          },
          {
            "r": "Koichi Kishimoto --"
          },
          {
            "t": "Diet members /"
          },
          {
            "r": "Shoichi Izumi --"
          },
          {
            "t": "The Diet and the bureaucracy : the budget as a case study /"
          },
          {
            "r": "Koji Kakizawa --"
          },
          {
            "g": "[2. The U.S. Congress] --"
          },
          {
            "t": "Congress in the U.S. political system /"
          },
          {
            "r": "James L. Sundquist --"
          },
          {
            "t": "The U.S. Congress : structure, party organization, and leadership /"
          },
          {
            "r": "Robert L. Peabody --"
          },
          {
            "t": "The making of a law : the U.S. legislative process /"
          },
          {
            "r": "Ralph D. Nurnberger --"
          },
          {
            "t": "The member of the U.S. Congress /"
          },
          {
            "r": "Susan Webb Hammond --"
          },
          {
            "t": "The U.S. Congress in budgeting and finance /"
          },
          {
            "r": "Joel Havemann --"
          },
          {
            "t": "The U.S. Congress in foreign relations, trade, and defense /"
          },
          {
            "r": "Charles E. Morrison."
          }
        ]
      }
    },
    {
      "610": {
        "ind1": "1",
        "ind2": "0",
        "subfields": [
          {
            "a": "Japan."
          },
          {
            "b": "Kokkai."
          }
        ]
      }
    },
    {
      "610": {
        "ind1": "1",
        "ind2": "0",
        "subfields": [
          {
            "a": "United States."
          },
          {
            "b": "Congress."
          }
        ]
      }
    },
    {
      "610": {
        "ind1": "1",
        "ind2": "7",
        "subfields": [
          {
            "a": "Japan."
          },
          {
            "b": "Kokkai."
          },
          {
            "2": "fast"
          },
          {
            "0": "(OCoLC)fst00553679"
          }
        ]
      }
    },
    {
      "610": {
        "ind1": "1",
        "ind2": "7",
        "subfields": [
          {
            "a": "United States."
          },
          {
            "b": "Congress."
          },
          {
            "2": "fast"
          },
          {
            "0": "(OCoLC)fst00529490"
          }
        ]
      }
    },
    {
      "700": {
        "ind1": "1",
        "ind2": "\\",
        "subfields": [
          {
            "a": "Valeo, Francis R."
          },
          {
            "q": "(Francis Ralph),"
          },
          {
            "d": "1916-2006."
          }
        ]
      }
    },
    {
      "700": {
        "ind1": "1",
        "ind2": "\\",
        "subfields": [
          {
            "a": "Morrison, Charles Edward,"
          },
          {
            "d": "1944-"
          }
        ]
      }
    },
    {
      "776": {
        "ind1": "0",
        "ind2": "8",
        "subfields": [
          {
            "i": "Online version:"
          },
          {
            "t": "Japanese Diet and the U.S. Congress."
          },
          {
            "d": "Boulder, Colo. : Westview Press, 1983"
          },
          {
            "w": "(OCoLC)565001722"
          }
        ]
      }
    },
    {
      "830": {
        "ind1": "\\",
        "ind2": "0",
        "subfields": [
          {
            "a": "A Westview special study."
          }
        ]
      }
    },
    {
      "856": {
        "ind1": "4",
        "ind2": "1",
        "subfields": [
          {
            "3": "Table of contents"
          },
          {
            "u": "http://www.gbv.de/dms/bowker/toc/9780865314696.pdf"
          }
        ]
      }
    },
    {
      "994": {
        "ind1": "\\",
        "ind2": "\\",
        "subfields": [
          {
            "a": "Z0"
          },
          {
            "b": "NYRVC"
          }
        ]
      }
    },
    {
      "948": {
        "ind1": "\\",
        "ind2": "\\",
        "subfields": [
          {
            "h": "NO HOLDINGS IN NYRVC - 412 OTHER HOLDINGS"
          }
        ]
      }
    },
    {
      "999": {
        "ind1": "\\",
        "ind2": "\\",
        "subfields": [
          {
            "a": "00000000015299"
          }
        ]
      }
    }
  ]
}